<?xml version="1.0" encoding="UTF-8"?><collection xmlns="http://www.loc.gov/MARC21/slim"><record><leader>00510nam--2200181-i-4500</leader><controlfield tag="001">000019669</controlfield><controlfield tag="002">20161230</controlfield><controlfield tag="005">20161230201033</controlfield><controlfield tag="008">060222s1000------------r-----000-0-fre-d</controlfield><datafield ind1=" " ind2=" " tag="040"><subfield code="a">IFIN-HH</subfield></datafield><datafield ind1=" " ind2=" " tag="041"><subfield code="a">fre</subfield></datafield><datafield ind1=" " ind2=" " tag="080"><subfield code="a">535.853(043)</subfield></datafield><datafield ind1="1" ind2=" " tag="100"><subfield code="a">Fortunato, Gerard</subfield></datafield><datafield ind1="1" ind2="0" tag="245"><subfield code="a">Etude d'un specometre interferentiel a modulation selective applications</subfield><subfield code="b">These</subfield><subfield code="c">Gerard fortunato</subfield></datafield><datafield ind1=" " ind2=" " tag="260"><subfield code="a">Paris</subfield><subfield code="b">Universite De Paris Sud</subfield><subfield code="c">1976</subfield></datafield><datafield ind1=" " ind2=" " tag="300"><subfield code="a">198 P</subfield></datafield><datafield ind1=" " ind2=" " tag="852"><subfield code="a">44860</subfield><subfield code="c">535</subfield></datafield><datafield ind1=" " ind2=" " tag="CAT"><subfield code="a">Sys</subfield><subfield code="c">20110125</subfield><subfield code="h">134548</subfield></datafield></record></collection>